<?xml version="1.0" encoding="UTF-8"?><collection xmlns="http://www.loc.gov/MARC21/slim"><record><leader>00373nam--2200133-i-4500</leader><controlfield tag="001">000016128</controlfield><controlfield tag="002">20161230</controlfield><controlfield tag="005">20161230201031</controlfield><controlfield tag="008">060222s1000------------r-----000-0-eng-d</controlfield><datafield ind1=" " ind2=" " tag="080"><subfield code="a">621.39(043)</subfield></datafield><datafield ind1=" " ind2=" " tag="100"><subfield code="a">Barrow, Bruce Barton</subfield></datafield><datafield ind1=" " ind2=" " tag="245"><subfield code="a">Error probabilities for data transmission over fading radio paths</subfield></datafield><datafield ind1=" " ind2=" " tag="260"><subfield code="a">Delft, Technische Hogeschool, 1962 149</subfield></datafield><datafield ind1=" " ind2=" " tag="852"><subfield code="a">77004</subfield></datafield></record></collection>